@Manual{ veepro,
	title = "VEE Pro User's Guide",
	author = "Agilent Technologies",
	organization = "Agilent Technologies",
	edition = "1",
	month = mar,
	year = "2000",
	isbn = "E2120-90001"
}

@Manual{ anespectro-core,
	title = "User's and Programmer's Reference",
	booktitle = "Core Spectrum Analyzer Functions",
	series = "ESA Series Spectrum Analyzers",
	author = "Agilent Technologies",
	volume = "1",
	month = apr,
	year = "2004"
}

@Manual{ anespectro-onebutton,
	title = "User's and Programmer's Reference",
	booktitle = "One-Button Power Measurements",
	series = "PSA and ESA Series Spectrum Analyzers",
	author = "Agilent Technologies",
	volume = "1",
	month = apr,
	year = "2004"
}

@Manual{ pic16f628a,
	title = "PIC16F627A/628A/648A Data Sheet",
	booktitle = "Flash-Based 8-Bit CMOS Microcontrollers with nanoWatt Technology",
	year = "2004",
	author = "Microchip Technology"
}

@Manual{ gensinal-hp8648c,
	title = "HP 8648A/B/C/D Signal Generator Operation and Service Guide",
	author = "Hewlett Packard",
	month = apr,
	year = "1999"
}

@Manual{ osc-dso3062a,
	title = "Agilent 3000 Series Oscilloscopes",
	booktitle = "Userâ€™s and Service Guide",
	author = "Agilent Technologies",
	month = sep,
	year = "2008",
	edition = "4"
}

