@Manual{ veepro,
	title = "VEE Pro User's Guide",
	author = "{Agilent Technologies}",
	organization = "Agilent Technologies",
	edition = "1",
	month = mar,
	year = "2000"
}

@Manual{ anespectro-core,
	title = "User's and Programmer's Reference",
	booktitle = "Core Spectrum Analyzer Functions",
	series = "ESA Series Spectrum Analyzers",
	author = "{Agilent Technologies}",
	volume = "1",
	month = apr,
	year = "2004"
}

@Manual{ anespectro-onebutton,
	title = "User's and Programmer's Reference",
	booktitle = "One-Button Power Measurements",
	series = "PSA and ESA Series Spectrum Analyzers",
	author = "{Agilent Technologies}",
	volume = "1",
	month = apr,
	year = "2004"
}

@Manual{ pic16f628a,
	title = "PIC16F627A/628A/648A Data Sheet",
	booktitle = "Flash-Based 8-Bit CMOS Microcontrollers with nanoWatt Technology",
	year = "2004",
	author = "{Microchip Technology}"
}

@Manual{ gensinal-hp8648c,
	title = "HP 8648A/B/C/D Signal Generator Operation and Service Guide",
	author = "{Hewlett Packard}",
	month = apr,
	year = "1999"
}

@Manual{ osc-dso3062a,
	title = "Agilent 3000 Series Oscilloscopes",
	booktitle = "Userâ€™s and Service Guide",
	author = "{Agilent Technologies}",
	month = sep,
	year = "2008",
	edition = "4"
}

@Manual{ med-emr300,
	title = "EMR-20/-30 EMR-21 EMR-200/-300 Radiation Meters Operating Manual",
	author = "J. {von Freeden}",
	organization = "Narda Safety Test Solutions GmbH",
	address = "Pfullingen, Germany",
	year = "2005",
	Translator = "John Nutley"
}

@Manual{ osc-tds210-programmer,
	title = "TDS200, TDS1000/TDS2000, TDS1000B/TDS2000B, and TPS2000 Series Digital Oscilloscopes",
	booktitle = "Programmer Manual",
	author = "Tektronix",
	year = "2006"
}

@Manual{ osc-tds210-user,
	title = "TDS 200-Series Digital Real-Time Oscilloscope ",
	booktitle = "User Manual",
	author = "Tektronix",
	year = "2000"
}

@MastersThesis{ tg-ensantenas-2002,
	title = "Automatiza\c{c}{\~a}o do ensaio de antenas",
	author = "Eduardo Cestari and others",
	school = "CEUN-EEM",
	location = "SP",
	address = "S{\~a}o Caetano do Sul",
	year = "2002"
}

@MastersThesis{ tg-ensantena-2003,
	title = "Automa\c{c}{\~a}o de ensaios de antenas e de compatibilidade eletromagn{\'e}tica",
	author = "Alexandre Del Col {de Sousa} and others",
	school = "CEUN-EEM",
	location = "SP",
	address = "S{\~a}o Caetano do Sul",
	year = "2003",
	Orientador = "Augusto Carlos Pav{\~a}o"
}

